%%1
@article{Zhou2022,
  title={碳中和目标下我国能源发展战略探讨},
  author={苏健 and 梁英波 and 丁麟 and 张国生 and 刘合},
  journal={中国科学院院刊},
  volume={36},
  number={9},
  pages={1001--1009},
  year={2021}
}
%%2
@article{Li2021,
  title={我国分布式能源发展现状及展望},
  author={尹昌洁 and 权楠 and 苏凯 and 郑漳华 and 张天慈},
  journal={分布式能源},
  volume={7},
  number={2},
  pages={1--7},
  year={2022}
}
%%3
@article{wang2023,
  title={以新能源为主体的新型电力系统发展路线图},
  author={张勋奎},
  journal={分布式能源},
  volume={6},
  number={6},
  pages={1--8},
  year={2021}
}
%%4
@article{Zhang2022,
  title={分布式能源技术与发展现状},
  author={国旭涛 and 蔡洁聪 and 韩高岩 and 谢娜 and 吕洪坤},
  journal={分布式能源},
  volume={4},
  number={1},
  pages={52--59},
  year={2019}
}
%%5
@article{Liu2023,
  title={多能源互补分布式能源系统集成研究综述及展望},
  author={李承周 and 王宁玲 and 窦潇潇 and 杨志平 and 王利刚 and 杨勇平},
  journal={中国电机工程学报},
  volume={43},
  number={18},
  pages={7127--7149},
  year={2022},
  publisher={《 中国电机工程学报》 编辑部}
}
%%6
@article{Chen2024,
  title={新型电力系统中储能应用功能的综述与展望},
  author={谢小荣 and 马宁嘉 and 刘威 and 赵伟 and 徐鹏 and 李浩志},
  journal={中国电机工程学报},
  volume={43},
  number={1},
  pages={158--168},
  year={2022},
  publisher={《 中国电机工程学报》 编辑部}
}
%%7
@article{Li2023,
  title={我国风电利用技术现状及其前景分析},
  author={刘志超 and 王洪彬 and 沙浩 and 杨金澍 and 曹生现},
  journal={发电技术},
  volume={40},
  number={4},
  pages={389},
  year={2019}
}
%%8
@article{Zhang2021,
  title={生物质能分布式利用发展趋势分析},
  author={吴创之 and 阴秀丽 and 刘华财 and 陈勇 and others},
  journal={中国科学院院刊},
  volume={31},
  number={2},
  pages={191--198},
  year={2016}
}
%%9
@article{Sun2022,
  title={城镇能源互联网示范应用综述: 现状, 经验及展望},
  author={郑玉平 and 王俊 and 杨志宏 and 滕贤亮 and 杜炜 and 王丹},
  journal={电力系统自动化},
  volume={46},
  number={17},
  pages={153--166},
  year={2022}
}
%%10
@article{Chen2021,
  title={高比例可再生能源电力系统关键技术及发展挑战},
  author={卓振宇 and 张宁 and 谢小荣 and 李浩志 and 康重庆},
  journal={电力系统自动化},
  volume={45},
  number={9},
  pages={171--191},
  year={2021}
}
%%11
@article{Zhao2022,
  title={基于双联流化床的生物质, 垃圾, 污泥共气化冷热电分布式供能系统性能研究},
  author={陈程 and 孙衍谦 and 郑漪琳 and 陈时熠 and 吴斌 and 向文国},
  journal={分布式能源},
  volume={6},
  number={6},
  pages={9--16},
  year={2021}
}
%%12
@article{Yang2023,
  title={浅层地热能勘查评价},
  author={韩再生 and 冉伟彦 and 佟红兵 and 刘志明},
  journal={中国地质},
  volume={34},
  number={6},
  pages={1115--1121},
  year={2007}
}
%%13
@article{Wu2023,
  title={可再生能源制氢技术经济性评述及其在东盟地区应用评估},
  author={李谚斐 and 江涵 and 邬炜},
  journal={全球能源互联网},
  volume={4},
  number={3},
  pages={292--300},
  year={2021}
}
%%14
@article{Li2024,
  title={多能互补分布式综合供能系统及典型开发方案研究},
  author={张伟波 and 谢玉荣 and 杨帆 and 周宇昊 and 王世朋},
  journal={发电技术},
  volume={41},
  number={3},
  pages={245--251},
  year={2020},
  publisher={《 发电技术》 编辑部}
}
%%15
@article{Wang2024,
  title={能源互联网: 驱动力, 评述与展望},
  author={孙宏斌 and 郭庆来 and 潘昭光 and 王剑辉},
  journal={电网技术},
  volume={39},
  number={11},
  pages={3005--3013},
  year={2015}
}
%%16
@article{Zhang2024,
  title={能源转型背景下分布式能源技术发展前景},
  author={李立新 and 周宇昊 and 郑文广},
  journal={发电技术},
  volume={41},
  number={6},
  pages={571--577},
  year={2020},
  publisher={《 发电技术》 编辑部}
}