% 参考文献文件 references.bib
\begin{filecontents*}{references.bib}
@article{cho2014combined,
  author = {Cho, Heejin and Smith, Amanda D. and Mago, Pedro},
  title = {Combined cooling, heating and power: A review of performance improvement and optimization},
  journal = {Applied Energy},
  volume = {136},
  pages = {168--185},
  year = {2014},
  publisher = {Elsevier}
}

@book{wu2016integrated,
  author = {Wu, Jingyi and Wang, Jianlin},
  title = {Integrated Design and Operation of Combined Cooling, Heating, and Power Systems},
  year = {2016},
  publisher = {Springer}
}
\end{filecontents*}